<record><leader>00000cas a22000007a 4500</leader><controlfield tag="001">31452591</controlfield><controlfield tag="008">941114c19199999vauwr ne      0    0eng d</controlfield><datafield ind1=" " ind2=" " tag="010"><subfield code="a">sn 94060151 </subfield></datafield><datafield ind1=" " ind2=" " tag="040"><subfield code="a">NVK</subfield><subfield code="b">eng</subfield><subfield code="c">NVK</subfield><subfield code="d">OCLCQ</subfield><subfield code="d">OCLCF</subfield><subfield code="d">OCLCO</subfield><subfield code="d">NVK</subfield></datafield><datafield ind1=" " ind2=" " tag="037"><subfield code="b">P.O. Box 69, Bowling Green Va. 22427</subfield></datafield><datafield ind1=" " ind2=" " tag="042"><subfield code="a">msc</subfield></datafield><datafield ind1=" " ind2=" " tag="043"><subfield code="a">n-us-va</subfield></datafield><datafield ind1="0" ind2=" " tag="130"><subfield code="a">Caroline progress (Bowling Green, Va.)</subfield></datafield><datafield ind1="1" ind2="4" tag="245"><subfield code="a">The Caroline progress.</subfield></datafield><datafield ind1=" " ind2=" " tag="260"><subfield code="a">Bowling Green, Va. :</subfield><subfield code="b">Ralph W. Brill,</subfield><subfield code="c">1919-</subfield></datafield><datafield ind1=" " ind2=" " tag="300"><subfield code="a">v.</subfield></datafield><datafield ind1=" " ind2=" " tag="310"><subfield code="a">Weekly</subfield></datafield><datafield ind1="0" ind2=" " tag="362"><subfield code="a">Vol. 1, no. 1 (Sept. 5, 1919)-</subfield></datafield><datafield ind1=" " ind2=" " tag="500"><subfield code="a">Publisher varies: Caroline Printing Co., Oct. 9, 1947-&lt;1949&gt;; Tidewater Weeklies, Inc. &lt;1949-1978&gt;; Atlantic Publications, Inc. &lt;1978-1993&gt;; Chesapeake Pub. Corp. &lt;1993-&gt;.</subfield></datafield><datafield ind1=" " ind2=" " tag="580"><subfield code="a">Paul W. Manns owned Tidewater Weeklies, Inc., 1947-1978, which published: King George progress (King George, Va. : 1919), &lt;1919-1978&gt;; Spotsylvania times, &lt;1971-1978&gt;; Tidewater review, 1974-1978; Westmoreland news, 1948-1978; and King George news, 1947-1978.</subfield></datafield><datafield ind1=" " ind2=" " tag="580"><subfield code="a">Atlantic Publications, Inc. published: Tri-County times (Fredericksburg, Va.), 1978: King George progress (King George, Va. : 1978), 1978-1993; Spotsylvania progress, 1978-&lt;&gt;; Tidewater review, 1978-1993; Westmoreland news, 1978-1993.</subfield></datafield><datafield ind1=" " ind2=" " tag="580"><subfield code="a">In 1993 Chesapeake Pub. Corp. published: Tidewater review; Westmoreland news; Northumberland echo (Heathsville, Va.); Sussex-Surry dispatch.</subfield></datafield><datafield ind1=" " ind2="0" tag="651"><subfield code="a">Bowling Green (Va.)</subfield><subfield code="v">Newspapers.</subfield></datafield><datafield ind1=" " ind2="0" tag="651"><subfield code="a">Caroline County (Va.)</subfield><subfield code="v">Newspapers.</subfield></datafield><datafield ind1=" " ind2="7" tag="651"><subfield code="a">Virginia</subfield><subfield code="z">Bowling Green.</subfield><subfield code="2">fast</subfield><subfield code="0">(OCoLC)fst01247818</subfield></datafield><datafield ind1=" " ind2="7" tag="651"><subfield code="a">Virginia</subfield><subfield code="z">Caroline County.</subfield><subfield code="2">fast</subfield><subfield code="0">(OCoLC)fst01207915</subfield></datafield><datafield ind1=" " ind2="7" tag="655"><subfield code="a">Newspapers.</subfield><subfield code="2">fast</subfield><subfield code="0">(OCoLC)fst01423814</subfield></datafield><datafield ind1="1" ind2=" " tag="700"><subfield code="a">Manns, Paul W.</subfield></datafield><datafield ind1=" " ind2=" " tag="752"><subfield code="a">United States</subfield><subfield code="b">Virginia</subfield><subfield code="c">Caroline</subfield><subfield code="d">Bowling Green.</subfield></datafield><datafield ind1="1" ind2=" " tag="775"><subfield code="t">King George progress (King George, Va. : 1919)</subfield></datafield><datafield ind1="1" ind2=" " tag="775"><subfield code="t">Spotsylvania times</subfield></datafield><datafield ind1="1" ind2=" " tag="775"><subfield code="t">Tri-county times (Fredericksburg, Va.)</subfield><subfield code="w">(DLC)sn 98068076</subfield></datafield><datafield ind1="1" ind2=" " tag="775"><subfield code="t">King George progress (King George, Va. : 1978)</subfield><subfield code="w">(DLC)sn 98068344</subfield></datafield><datafield ind1="1" ind2=" " tag="775"><subfield code="t">Spotsylvania progress</subfield><subfield code="w">(DLC)sn 98068336</subfield></datafield><datafield ind1="1" ind2=" " tag="775"><subfield code="t">Westmoreland news</subfield><subfield code="w">(DLC)sn 98068083</subfield></datafield><datafield ind1="1" ind2=" " tag="775"><subfield code="t">Tidewater review</subfield><subfield code="w">(DLC)sn 86071902</subfield></datafield><datafield ind1="1" ind2=" " tag="775"><subfield code="t">Northumberland echo (Heathsville, Va.)</subfield><subfield code="w">(DLC)sn 95079240</subfield></datafield><datafield ind1="1" ind2=" " tag="775"><subfield code="t">Sussex-Surry dispatch</subfield><subfield code="w">(DLC)sn 83009100</subfield></datafield><datafield ind1="1" ind2=" " tag="029"><subfield code="a">AU@</subfield><subfield code="b">000011358182</subfield></datafield></record>